<?xml version="1.0" encoding="UTF-8"?><record xmlns="http://www.loc.gov/MARC21/slim" xmlns:cinclude="http://apache.org/cocoon/include/1.0" xmlns:zs="http://www.loc.gov/zing/srw/">
  <leader>00515nz  a2200145n  4500</leader>
  <controlfield tag="001">no 99015654 </controlfield>
  <controlfield tag="003">DLC</controlfield>
  <controlfield tag="005">19990305053228.4</controlfield>
  <controlfield tag="008">990304n| acannaab|          |n aaa     c</controlfield>
  <datafield tag="010" ind1=" " ind2=" ">
    <subfield code="a">no 99015654 </subfield>
  </datafield>
  <datafield tag="035" ind1=" " ind2=" ">
    <subfield code="a">(OCoLC)oca04934937 </subfield>
  </datafield>
  <datafield tag="040" ind1=" " ind2=" ">
    <subfield code="a">ODaU</subfield>
    <subfield code="c">ODaU</subfield>
  </datafield>
  <datafield tag="100" ind1="1" ind2="0">
    <subfield code="a">Wilson, Megan E.</subfield>
    <subfield code="q">(Megan Elizabeth),</subfield>
    <subfield code="d">1971-</subfield>
  </datafield>
  <datafield tag="670" ind1=" " ind2=" ">
    <subfield code="a">A study of the test of cognitive skills and the Ohio Fourth Grade Proficiency Tests, 1998</subfield>
    <subfield code="b">(Megan E. Wilson)</subfield>
  </datafield>
  <datafield tag="670" ind1=" " ind2=" ">
    <subfield code="a">U. of Dayton alumni records, 01/29/99</subfield>
    <subfield code="b">(Megan Elizabeth Wilson; b. 1971)</subfield>
  </datafield>
</record>